<?xml version="1.0" encoding="utf-8"?>
<record xmlns="http://www.loc.gov/MARC21/slim" xmlns:xsi="http://www.w3.org/2001/XMLSchema-instance" xsi:schemaLocation="http://www.loc.gov/MARC21/slim http://www.loc.gov/standards/marcxml/schema/MARC21slim.xsd">
	<leader>     nam a22     Mi 4500</leader>
	<controlfield tag="001">5241711</controlfield>
	<controlfield tag="003">NNC</controlfield>
	<controlfield tag="006">m        d        </controlfield>
	<controlfield tag="007">cr cn |||m|||a</controlfield>
	<controlfield tag="008">190513m19579999ir ac   o     000 0 ara  </controlfield>
	<datafield ind1=" " ind2=" " tag="040">
		<subfield code="a">ZYU</subfield>
		<subfield code="b">ara</subfield>
		<subfield code="e">rda</subfield>
		<subfield code="c">ZYU</subfield>
	</datafield>
	<datafield ind1="0" ind2=" " tag="041">
		<subfield code="a">ara</subfield>
		<subfield code="a">per</subfield>
	</datafield>
	<datafield ind1=" " ind2="4" tag="050">
		<subfield code="a">PK6481</subfield>
		<subfield code="b">.M6 1957</subfield>
	</datafield>
	<datafield ind1="0" ind2=" " tag="100">
		<subfield code="6">880-01</subfield>
		<subfield code="a">Jalāl al-Dīn Rūmī,</subfield>
		<subfield code="c">Maulana,</subfield>
		<subfield code="d">1207-1273.</subfield>
	</datafield>
	<datafield ind1="1" ind2="0" tag="245">
		<subfield code="6">880-02</subfield>
		<subfield code="a">Jawāhir al-āthār fī tarjamat Mathnawī Mawlānā Muḥammad Jalāl al-Dīn al-Balkhī al-Rūmī shiʻran /</subfield>
		<subfield code="c">al-Tarjamah wa-al-taḥqīq wa-al-talkhīṣ lil-ḥawāshī al-ʻArabīyah wa-al-Fārisīyah, bi-qalam ʻAbd al-ʻAzīz Ṣāḥib al-Javāhir.</subfield>
	</datafield>
	<datafield ind1=" " ind2=" " tag="260">
		<subfield code="6">880-03</subfield>
		<subfield code="a">[Ṭihrān] :</subfield>
		<subfield code="b">Dānishgāh-i Tihrān,</subfield>
		<subfield code="c">[1957 or 1958]-</subfield>
	</datafield>
	<datafield ind1=" " ind2=" " tag="300">
		<subfield code="a">online resource (volumes) :</subfield>
		<subfield code="b">illustrations, portraits</subfield>
	</datafield>
	<datafield ind1=" " ind2=" " tag="336">
		<subfield code="a">text</subfield>
		<subfield code="2">rdacontent</subfield>
	</datafield>
	<datafield ind1=" " ind2=" " tag="337">
		<subfield code="a">computer</subfield>
		<subfield code="2">rdamedia</subfield>
	</datafield>
	<datafield ind1=" " ind2=" " tag="338">
		<subfield code="a">online resource</subfield>
		<subfield code="2">rdacarrier</subfield>
	</datafield>
	<datafield ind1="1" ind2=" " tag="490">
		<subfield code="6">880-04</subfield>
		<subfield code="a">Intishārāt-i Dānishgāh-i Tihrān ;</subfield>
		<subfield code="v">375, 478, 645</subfield>
	</datafield>
	<datafield ind1=" " ind2=" " tag="500">
		<subfield code="a">Includes Persian text.</subfield>
	</datafield>
	<datafield ind1=" " ind2=" " tag="500">
		<subfield code="a">Part of the Arabic Collections Online (ACO) project, contributed by Columbia University Libraries.</subfield>
	</datafield>
	<datafield ind1=" " ind2=" " tag="533">
		<subfield code="a">Electronic reproduction.</subfield>
		<subfield code="b">New York, N.Y. :</subfield>
		<subfield code="c">New York University,</subfield>
		<subfield code="d">2019.</subfield>
		<subfield code="5">NNU</subfield>
	</datafield>
	<datafield ind1="1" ind2=" " tag="700">
		<subfield code="6">880-05</subfield>
		<subfield code="a">Ṣāḥib Javāhir, ʻAbd al-ʻAzīz,</subfield>
		<subfield code="e">translator.</subfield>
	</datafield>
	<datafield ind1="2" ind2=" " tag="710">
		<subfield code="a">Columbia University.</subfield>
		<subfield code="b">Libraries.</subfield>
	</datafield>
	<datafield ind1="0" ind2=" " tag="730">
		<subfield code="a">Arabic Collections Online.</subfield>
	</datafield>
	<datafield ind1="0" ind2="8" tag="776">
		<subfield code="i">Print version:</subfield>
		<subfield code="a">Jalāl al-Dīn Rūmī, Maulana, 1207-1273.</subfield>
		<subfield code="t">Jawāhir al-āthār fī tarjamat Mathnawī Mawlānā Muḥammad Jalāl al-Dīn al-Balkhī al-Rūmī shiʻran</subfield>
		<subfield code="w">(NNC)5241711</subfield>
		<subfield code="w">(DLC)ne 68009637 </subfield>
		<subfield code="w">(OCoLC)15156779</subfield>
	</datafield>
	<datafield ind1=" " ind2="0" tag="830">
		<subfield code="a">Publications de l'Université de Tehran ;</subfield>
		<subfield code="v">375, etc.</subfield>
	</datafield>
	<datafield ind1="4" ind2="0" tag="856">
		<subfield code="u">http://hdl.handle.net/2333.1/pvmcvp07</subfield>
	</datafield>
	<datafield ind1="0" ind2=" " tag="880">
		<subfield code="6">100-01</subfield>
		<subfield code="a">جلال الدين رومي،</subfield>
		<subfield code="c">مولانا،</subfield>
		<subfield code="d">1207-1273.</subfield>
	</datafield>
	<datafield ind1="1" ind2="0" tag="880">
		<subfield code="6">245-02</subfield>
		<subfield code="a">جواهر الاثار في ترجمة مثنوي مولانا محمد جلال الدين البلخي الرومي شعرا /</subfield>
		<subfield code="c">الترجمة والتحقيق والتلخيص للحواشي العربية والفارسية، بقلم عبد العزيز صاحب الجڤاهر.</subfield>
	</datafield>
	<datafield ind1=" " ind2=" " tag="880">
		<subfield code="6">260-03</subfield>
		<subfield code="a">[طهران] :</subfield>
		<subfield code="b">دانشگاه تهران،</subfield>
		<subfield code="c">[1957 or 1958]-</subfield>
	</datafield>
	<datafield ind1="1" ind2=" " tag="880">
		<subfield code="6">490-04</subfield>
		<subfield code="a">انتشارات دانشگاه تهران ؛</subfield>
		<subfield code="v">375، 478، 645</subfield>
	</datafield>
	<datafield ind1="1" ind2=" " tag="880">
		<subfield code="6">700-05</subfield>
		<subfield code="a">صاحب جواهر، عبد العزىز،</subfield>
		<subfield code="e">translator.</subfield>
	</datafield>
	<datafield ind1=" " ind2=" " tag="959">
		<subfield code="a">NNU</subfield>
		<subfield code="b">WEB</subfield>
		<subfield code="c">GENI</subfield>
		<subfield code="t">0</subfield>
		<subfield code="m">Electronic access</subfield>
		<subfield code="s">01</subfield>
	</datafield>
	<datafield ind1=" " ind2=" " tag="999">
		<subfield code="i">NNC_5241711</subfield>
		<subfield code="o">(OCoLC)ocm15156779</subfield>
		<subfield code="s">columbia_aco003857:pt.1</subfield>
		<subfield code="s">columbia_aco003858:pt.2</subfield>
		<subfield code="s">columbia_aco003859:pt.3</subfield>
		<subfield code="e">(ERROR-880)</subfield>
		<subfield code="s">columbia_aco003857:pt.1</subfield>
		<subfield code="s">columbia_aco003858:pt.2</subfield>
		<subfield code="s">columbia_aco003859:pt.3</subfield>
	</datafield>
</record>
